@article{KPZ86,
  volume = {56},
  journal = {Phys. Rev. Lett.},
  month = {Mar},
  author = {Kardar, Mehran and Parisi, Giorgio and Zhang, Yi-Cheng},
  title = {Dynamic Scaling of Growing Interfaces},
  year = {1986},
  url = {http://link.aps.org/doi/10.1103/PhysRevLett.56.889},
  doi = {10.1103/PhysRevLett.56.889},
  issue = {9},
  publisher = {American Physical Society},
  pages = {889--892}
}
@book{FamilyVicsekBook,
  title={Dynamics of fractal surfaces},
  author={Family, F. and Vicsek, T.},
  isbn={9789810207212},
  lccn={lc91035883},
  url={http://books.google.it/books?id=5e8COU6flIkC},
  year={1991},
  publisher={World Scientific}
}

@book{BarabasiBook,
  title={Fractal concepts in surface growth},
  author={Barab{\'a}si, A.L. and Stanley, H.E.},
  isbn={9780521483186},
  lccn={lc94037111},
  url={http://books.google.it/books?id=W4SqcNr8PLYC},
  year={1995},
  publisher={Cambridge University Press}
}

@article{Halpin-Healy1990,
  volume = {42},
  journal = {Phys. Rev. A},
  month = {Jul},
  author = {Halpin-Healy, Timothy},
  title = {Disorder-induced roughening of diverse manifolds},
  year = {1990},
  url = {http://link.aps.org/doi/10.1103/PhysRevA.42.711},
  doi = {10.1103/PhysRevA.42.711},
  issue = {2},
  publisher = {American Physical Society},
  pages = {711--722}
}

@article{Cook-Derrida1990,
  author={J Cook and B Derrida},
  title={Directed polymers in a random medium: 1/d expansion and the n-tree approximation},
  journal={Journal of Physics A: Mathematical and General},
  volume={23},
  number={9},
  pages={1523},
  url={http://stacks.iop.org/0305-4470/23/i=9/a=017},
  year={1990},
  abstract={The authors develop a method which allows one to obtain 1/d expansions for the problem of directed polymers in a random medium. Using this method, they expand thermal properties (such as the free energy, the specific heat), the overlaps and the fluctuations of the transverse displacement. Their results are consistent with the existence of a finite upper critical dimension above which the low-temperature phase is mean field like, i.e. characterised by a broad distribution of overlaps (broken replica symmetry) and transverse fluctuations which scale as the length of the polymer.}
}
	
@article{Schwartz-Edwards1998,
  volume = {57},
  journal = {Phys. Rev. E},
  month = {May},
  author = {Schwartz, Moshe and Edwards, S. F.},
  title = {Peierls-Boltzmann equation for ballistic deposition},
  year = {1998},
  url = {http://link.aps.org/doi/10.1103/PhysRevE.57.5730},
  doi = {10.1103/PhysRevE.57.5730},
  issue = {5},
  publisher = {American Physical Society},
  pages = {5730--5739}
}
@article{Bouchaud-Cates1993,
  volume = {47},
  journal = {Phys. Rev. E},
  month = {Mar},
  author = {Bouchaud, J. P. and Cates, M. E.},
  title = {Self-consistent approach to the Kardar-Parisi-Zhang equation},
  year = {1993},
  url = {http://link.aps.org/doi/10.1103/PhysRevE.47.R1455},
  doi = {10.1103/PhysRevE.47.R1455},
  issue = {3},
  publisher = {American Physical Society},
  pages = {R1455--R1458}
}
@article{Bouchaud-Cates-Errata1993,
  volume = {48},
  journal = {Phys. Rev. E},
  month = {Jul},
  author = {Bouchaud, J. P. and Cates, M. E.},
  title = {Erratum: Self-consistent approach to the Kardar-Parisi-Zhang equation},
  year = {1993},
  url = {http://link.aps.org/doi/10.1103/PhysRevE.48.635.2},
  doi = {10.1103/PhysRevE.48.635.2},
  issue = {1},
  publisher = {American Physical Society},
  pages = {635--636}
}
@article{DMKB1994,
  volume = {72},
  journal = {Phys. Rev. Lett.},
  month = {Mar},
  author = {Doherty, J. P. and Moore, M. A. and Kim, J. M. and Bray, A. J.},
  title = {Generalizations of the Kardar-Parisi-Zhang equation},
  year = {1994},
  url = {http://link.aps.org/doi/10.1103/PhysRevLett.72.2041},
  doi = {10.1103/PhysRevLett.72.2041},
  issue = {13},
  publisher = {American Physical Society},
  pages = {2041--2044}
}
@article{MBDMBC95,
  volume = {74},
  journal = {Phys. Rev. Lett.},
  month = {May},
  author = {Moore, M. A. and Blum, T. and Doherty, J. P. and Marsili, M. and Bouchaud, J-P. and Claudin, P.},
  title = {Glassy Solutions of the Kardar-Parisi-Zhang Equation},
  year = {1995},
  url = {http://link.aps.org/doi/10.1103/PhysRevLett.74.4257},
  doi = {10.1103/PhysRevLett.74.4257},
  issue = {21},
  publisher = {American Physical Society},
  pages = {4257--4260}
}
@article{Tu1994,
  volume = {73},
  journal = {Phys. Rev. Lett.},
  month = {Dec},
  author = {Tu, Yuhai},
  title = {Absence of Finite Upper Critical Dimension in the Spherical Kardar-Parisi-Zhang Model},
  year = {1994},
  url = {http://link.aps.org/doi/10.1103/PhysRevLett.73.3109},
  doi = {10.1103/PhysRevLett.73.3109},
  issue = {23},
  publisher = {American Physical Society},
  pages = {3109--3112}
}


@article{ColaioriMoore2001,
  volume = {86},
  journal = {Phys. Rev. Lett.},
  month = {Apr},
  author = {Colaiori, Francesca and Moore, M. A.},
  title = {Upper Critical Dimension, Dynamic Exponent, and Scaling Functions in the Mode-Coupling Theory for the Kardar-Parisi-Zhang Equation},
  year = {2001},
  url = {http://link.aps.org/doi/10.1103/PhysRevLett.86.3946},
  doi = {10.1103/PhysRevLett.86.3946},
  issue = {18},
  publisher = {American Physical Society},
  pages = {3946--3949}
}

@article{Laessig1995,
title = "On the renormalization of the Kardar-Parisi-Zhang equation",
journal = "Nuclear Physics B",
volume = "448",
number = "3",
pages = "559 - 574",
year = "1995",
note = "",
issn = "0550-3213",
doi = "10.1016/0550-3213(95)00268-W",
url = "http://www.sciencedirect.com/science/article/pii/055032139500268W",
author = {L\"assig, Michael}
}
@article{Laessig-Kinzelbach1997,
  volume = {78},
  journal = {Phys. Rev. Lett.},
  month = {Feb},
  author = {L\"assig, Michael and Kinzelbach, Harald},
  title = {Upper Critical Dimension of the Kardar-Parisi-Zhang Equation},
  year = {1997},
  url = {http://link.aps.org/doi/10.1103/PhysRevLett.78.903},
  doi = {10.1103/PhysRevLett.78.903},
  issue = {5},
  publisher = {American Physical Society},
  pages = {903--906}
}


@article{Frogedby2006,
  volume = {73},
  journal = {Phys. Rev. E},
  month = {Mar},
  numpages = {26},
  author = {Fogedby, Hans C.},
  title = {Kardar-Parisi-Zhang equation in the weak noise limit: Pattern formation and upper critical dimension},
  year = {2006},
  url = {http://link.aps.org/doi/10.1103/PhysRevE.73.031104},
  doi = {10.1103/PhysRevE.73.031104},
  issue = {3},
  publisher = {American Physical Society},
  pages = {031104}
}

@article{CCDW2010,
  volume = {104},
  journal = {Phys. Rev. Lett.},
  month = {Apr},
  numpages = {4},
  author = {Canet, L\'eonie and Chat\'e, Hugues and Delamotte, Bertrand and Wschebor, Nicol\'as},
  title = {Nonperturbative Renormalization Group for the Kardar-Parisi-Zhang Equation},
  year = {2010},
  url = {http://link.aps.org/doi/10.1103/PhysRevLett.104.150601},
  doi = {10.1103/PhysRevLett.104.150601},
  issue = {15},
  publisher = {American Physical Society},
  pages = {150601}
}

@article{KK1989,
  volume = {62},
  journal = {Phys. Rev. Lett.},
  month = {May},
  author = {Kim, Jin Min and Kosterlitz, J. M.},
  title = {Growth in a restricted solid-on-solid model},
  year = {1989},
  url = {http://link.aps.org/doi/10.1103/PhysRevLett.62.2289},
  doi = {10.1103/PhysRevLett.62.2289},
  issue = {19},
  publisher = {American Physical Society},
  pages = {2289--2292}
}

@article{WK1987,
  author={D. E. Wolf and J. Kert\'ez},
  title={Surface Width Exponents for Three- and Four-Dimensional Eden Growth},
  journal={EPL (Europhysics Letters)},
  volume={4},
  number={6},
  pages={651},
  url={http://stacks.iop.org/0295-5075/4/i=6/a=003},
  year={1987}
}
	
@article{TLFWD1992,
  volume = {45},
  journal = {Phys. Rev. A},
  month = {May},
  author = {Tang, Lei-Han and Forrest, Bruce M. and Wolf, Dietrich E.},
  title = {Kinetic surface roughening. II. Hypercube-stacking models},
  year = {1992},
  url = {http://link.aps.org/doi/10.1103/PhysRevA.45.7162},
  doi = {10.1103/PhysRevA.45.7162},
  issue = {10},
  publisher = {American Physical Society},
  pages = {7162--7179}
}


@article{Nissila1993,
   author = {Ala-Nissila, T. and Hjelt, T. and Kosterlitz, J. M. and
                  Ven\"al\"ainen, O.},
   affiliation = {Research Institute for Theoretical Physics, University of Helsinki University of Helsinki Siltavuorenpenger 20C P.O. Box 9 FIN-00014 Finland},
   title = {Scaling exponents for kinetic roughening in higher dimensions},
   journal = {Journal of Statistical Physics},
   publisher = {Springer Netherlands},
   issn = {0022-4715},
   keyword = {Physics and Astronomy},
   pages = {207-225},
   volume = {72},
   issue = {1},
   url = {http://dx.doi.org/10.1007/BF01048047},
   note = {10.1007/BF01048047},
   year = {1993}
}


@article{NOIKPZ2001,
  author={Enzo Marinari and Andrea Pagnani and Giorgio Parisi},
  title={Critical exponents of the KPZ equation via multi-surface coding numerical simulations},
  journal={Journal of Physics A: Mathematical and General},
  volume={33},
  number={46},
  pages={8181},
  url={http://stacks.iop.org/0305-4470/33/i=46/a=303},
  year={2000},
  abstract={We study the KPZ equation (in D = 2, 3 and 4 spatial dimensions) by using a restricted solid-on-solid discretization of the surface. We measure the critical exponents very precisely, and we show that the rational guess is not appropriate, and that D = 4 is not the upper critical dimension. We are also able to determine very precisely the exponent of the sub-leading scaling corrections, that turns out to be close to unity in all cases. We introduce and use a multi-surface coding technique, that allows a gain of the order of 30-fold over usual numerical simulations.}
}


@article{NOIKPZ2002,
  volume = {65},
  journal = {Phys. Rev. E},
  month = {Jan},
  numpages = {4},
  author = {Marinari, E. and Pagnani, A. and Parisi, G. and R\'acz, Z.},
  title = {Width distributions and the upper critical dimension of Kardar-Parisi-Zhang interfaces},
  year = {2002},
  url = {http://link.aps.org/doi/10.1103/PhysRevE.65.026136},
  doi = {10.1103/PhysRevE.65.026136},
  issue = {2},
  publisher = {American Physical Society},
  pages = {026136}
}

@article{CMP1998,
  volume = {80},
  journal = {Phys. Rev. Lett.},
  month = {Apr},
  author = {Castellano, C. and Marsili, M. and Pietronero, L.},
  title = {Nonperturbative Renormalization of the Kardar-Parisi-Zhang Growth Dynamics},
  year = {1998},
  url = {http://link.aps.org/doi/10.1103/PhysRevLett.80.3527},
  doi = {10.1103/PhysRevLett.80.3527},
  issue = {16},
  publisher = {American Physical Society},
  pages = {3527--3530}
}



@article{CGMMP1998,
  volume = {58},
  journal = {Phys. Rev. E},
  month = {Nov},
  author = {Castellano, C. and Gabrielli, A. and Marsili, M. and Mu\~noz, M. A. and Pietronero, L.},
  title = {High dimensional behavior of the Kardar-Parisi-Zhang growth dynamics},
  year = {1998},
  url = {http://link.aps.org/doi/10.1103/PhysRevE.58.R5209},
  doi = {10.1103/PhysRevE.58.R5209},
  issue = {5},
  publisher = {American Physical Society},
  pages = {R5209--R5212}
}
@article{CMMP1999,
  volume = {59},
  journal = {Phys. Rev. E},
  month = {Jun},
  author = {Castellano, C. and Marsili, M. and Mu\~noz, M. A. and Pietronero, L.},
  title = {Scale invariant dynamics of surface growth},
  year = {1999},
  url = {http://link.aps.org/doi/10.1103/PhysRevE.59.6460},
  doi = {10.1103/PhysRevE.59.6460},
  issue = {6},
  publisher = {American Physical Society},
  pages = {6460--6475}
}


@article{HwaFrey1991,
  volume = {44},
  journal = {Phys. Rev. A},
  month = {Dec},
  author = {Hwa, Terence and Frey, Erwin},
  title = {Exact scaling function of interface growth dynamics},
  year = {1991},
  url = {http://link.aps.org/doi/10.1103/PhysRevA.44.R7873},
  doi = {10.1103/PhysRevA.44.R7873},
  issue = {12},
  publisher = {American Physical Society},
  pages = {R7873--R7876}
}

@article{FTUH1996,
  volume = {53},
  journal = {Phys. Rev. E},
  month = {May},
  author = {Frey, Erwin and T\"auber, Uwe Claus and Hwa, Terence},
  title = {Mode-coupling and renormalization group results for the noisy Burgers equation},
  year = {1996},
  url = {http://link.aps.org/doi/10.1103/PhysRevE.53.4424},
  doi = {10.1103/PhysRevE.53.4424},
  issue = {5},
  publisher = {American Physical Society},
  pages = {4424--4438}
}

@article{Moser1991,
title = "Numerical solution of the Kardar-Parisi-Zhang equation in one, two and three dimensions",
journal = "Physica A: Statistical Mechanics and its Applications",
volume = "178",
number = "2",
pages = "215 - 226",
year = "1991",
note = "",
issn = "0378-4371",
doi = "10.1016/0378-4371(91)90017-7",
url = "http://www.sciencedirect.com/science/article/pii/0378437191900177",
author = "Keye Moser and JÃ¡nos KertÃ©sz and Dietrich E. Wolf"
}

@article{Perlsman-Havlin2006,
  author={E. Perlsman and S. Havlin},
  title={Optimal paths as correlated random walks},
  journal={EPL (Europhysics Letters)},
  volume={73},
  number={2},
  pages={178},
  url={http://stacks.iop.org/0295-5075/73/i=2/a=178},
  year={2006},
  abstract={A numerical study of optimal paths in the directed polymer model shows that the paths are similar to correlated random walks. It is shown that when a directed optimal path of length t is divided into 3 segments whose length is t /3, the correlation between the transversal movements along the first and last path segments is independent of the path length t . It is also shown that the transversal correlations along optimal paths decrease as the paths approach their endpoints. The numerical results obtained for optimal paths in 1+4 dimensions are qualitatively similar to those obtained for optimal paths in lower dimensions, and the data supplies a strong numerical indication that 1+4 is not the upper critical dimension of this model, and of the associated KPZ equation.}
}
	
@ARTICLE{Schwartz-Perlsman2011,
   author = {{Schwartz}, M. and {Perlsman}, E.},
    title = "{Upper critical dimension of the KPZ equation}",
  journal = {ArXiv e-prints},
archivePrefix = "arXiv",
   eprint = {1108.4604},
 primaryClass = "cond-mat.stat-mech",
 keywords = {Condensed Matter - Statistical Mechanics},
     year = 2011,
    month = aug,
   adsurl = {http://adsabs.harvard.edu/abs/2011arXiv1108.4604S},
  adsnote = {Provided by the SAO/NASA Astrophysics Data System}
}

@ARTICLE{KellingOrdor2011,
   author = {{Kelling}, J. and {{\'O}dor}, G.},
    title = "{Extremely large scale simulation of a Kardar-Parisi-Zhang model using graphics cards}",
  journal = {ArXiv e-prints},
archivePrefix = "arXiv",
   eprint = {1110.6745},
 primaryClass = "cond-mat.stat-mech",
 keywords = {Condensed Matter - Statistical Mechanics, Condensed Matter - Materials Science, Computer Science - Distributed, Parallel, and Cluster Computing, Physics - Computational Physics},
     year = 2011,
    month = oct,
   adsurl = {http://adsabs.harvard.edu/abs/2011arXiv1110.6745K},
  adsnote = {Provided by the SAO/NASA Astrophysics Data System}
}

